Record 1
LDR  00881nas  2200265 a 4500
001  CUBL82-S260
003  CStRLIN
005  20050202113121.0
008  820812d19701974be ar     go  0uuua0dut  
010       $a    77642443 
040       $d NIC $d CSM $d CUL
041  0    $a dutengfreger
050  0    $a LAW
082       $a 344/.493/01
090       $a KJ741.A12 $b B84
245  00   $a Bulletin / $c Instituut voor Arbeidsrecht, Universiteit te Leuven.
260       $a Leuven : $b Het Instituut, $c 1970-1974.
300       $a 5 v. ; $c 22 cm.
362  0    $a 1 (1970) - 5 (1974)
500       $a RLIN RECORD HAS NO 852 - REJECT (02/05).
546       $a Dutch, English, French, or German.
650   0   $a Labor laws and legislation $v Periodicals.
650   0   $a Industrial relations $v Periodicals.
710  2    $a Katholieke Universiteit te Leuven (1970). $b Insituut voor Arbeidsrecht.
785  00   $t Bulletin of comparative labour relations.

Record 2
