LDR  00909nam  2200277 a 4500
001  DCLC00335589-B
003  CStRLIN
005  20050204055612.0
008  870202s1996    cl       b    010 1 spa d
010       $a    00335589 
020       $a 9562380807
035       $a (OCoLC)ocm37769296
040       $a HLS $c HLS $d DLC
042       $a lccopycat
043       $a s-cl---
050  00   $a KHF409 $b .I57 1996
082  00   $a 346.83 $2 21
245  00   $a Instituciones modernas de derecho civil : $b homenaje al profesor Fernando Fueyo Laneri.
246  3    $a Homenaje al profesor Fernando Fueyo Laneri
260       $a Santiago de Chile : $b Editorial Jurâidica Conosur, $c [1996]
300       $a iv, 574 p. ; $c 26 cm.
500       $a RLIN:  001 DOES NOT BEGIN WITH CUBL, CLBI, CHSV - REJECT (02/05).
504       $a Includes bibliographical references.
650   0   $a Civil law $z Chile.
600  10   $a Fueyo Laneri, Fernando.
700  1    $a Fueyo Laneri, Fernando.

Record 4
