LDR  01329nam  22003018a 4500
001  CLBI94-B732
003  CStRLIN
005  20040617154100.0
008  940228s1994    nyu      be   000 0 eng  
010       $a    93022638 
020       $a 0471558192 (hard : set : alk. paper) : $c $100.00
040       $a DLC $c DLC $d COc
050  00   $a BF31 $b .E52 1994
082  00   $a 150/.3 $2 20
090       $a BF31 $b .E52 1994
245  00   $a Encyclopedia of psychology / $c Raymond J. Corsini, editor ; consulting editors, Anne Anastasi ... [et al.] ; associate editors, Mary Allen ... [et al.] ; foreign editors, Ruben Ardila ... [et al.] ; biography editors, Robert Lundin and Parker Lichtenstein ; foreign editor, Neal Pinckney ; managing editor, Kristine Altweis.
250       $a 2nd ed.
260       $a New York : $b J. Wiley & Sons, $c c1994.
300       $a 4 v. ; $c 29 cm.
500       $a RLIN:  DROP INCOMING NON-NUMERIC FIELDS, 9XX FIELDS, INCOMING 852 (09/04).
504       $a Includes bibliographical references.
650   0   $a Psychology $x Encyclopedias.
700  1    $a Corsini, Raymond J.
852       $a CLBI $b ANNEX $h BF31 $i .E52 1994 $x OID=DP
904       $a sutnew-04-03 DROP
907       $a *po=y;at=p;br=downr;cp=1;c1=c;c2=d;c4=-;ep=399.00;fm=b;fd=94dcm;on=-;ot=-;rc=-;rl=l;st=o;vd=br15; $r 0228171 DROP
u01   1 tUO sP d11/22/82 ACQ I01/11/83 DROP
u08   1aoTR DROP

Record 6
