LDR  01673cam  2200313 a 4500
001  CLBI7412-B
003  CStRLIN
005  20040617154100.0
008  981026s1999    njuaf    b    001 0 eng d
010       $a    98049406 
020       $a 0691005141 (alk. paper)
040       $a DLC $c DLC $d DLC $d NhCcYBP $d OrLoB-B
050  00   $a QA447 $b .G39 1999
082  00   $a 516.2 $2 21
090       $a QA447 $b .G39 1999
100  1    $a Gazalâe, Midhat J., $d 1929-
245  10   $a Gnomon : $b from pharaohs to fractals / $c Midhat J. Gazalâe.
260       $a Princeton, N.J. : $b Princeton University Press, $c c1999.
300       $a xiv, 259 p., [16] p. of plates : $b ill. (some col.) ; $c 24 cm.
500       $a RLIN:  OUTPUT FOLLOWING 852 SUBFLDS AS IS: 2 c, 2 f, h, i, 2 k, l, 2 m, n, q, 2 s, t, 3 x (09/04).
500       $a OUTPUT 2 590 a'S AS SEPARATE 852 z'S IN EACH 852; OUTPUT 852 z BEGINNING WITH "LIBRARY HAS: " AS 852 3 AFTER REMOVING "LIBRARY HAS: "; OUTPUT 2 OTHER 852 z'S AS z'S.
505  0    $a Introduction: Gnomons -- Ch. I. Figurate and m-adic Numbers -- Ch. II. Continued Fractions -- Ch. III. Fibonacci Sequences -- Ch. IV. Ladders: From Fibonacci to Wave Propagation -- Ch. V. Whorled Figures -- Ch. VI. The Golden Number -- Ch. VII. The Silver Number -- Ch. VIII. Spirals -- Ch. IX. Positional Number Systems -- Ch. X. Fractals.
590       $a FIRST 590.
590       $a 2ND 590
650   0   $a Similarity (Geometry)
650   0   $a Spirals.
650   0   $a Fractals.
852       $a CLBI $b MAIN $c FIRST C $c 2ND C $f 1ST F $f 2ND F $h ThQA447 $i .G39 1999 $k 1ST K $k 2ND K $l SUBFLD L $m 1ST M $m 2ND M $n SUBFLD N $q SUBFLD Q $s 1ST S $s 2ND S $t 1 $x 001 (1ST X) $x 2ND X $x 3RD X $z 1ST Z $z Library has: v. 1-2 (HOLDINGS) $z 3RD Z
852       $a CLBI $b ANNEX 

Record 9
