LDR  01128cam  2200313 a 4500
001  CLBI9985-B
003  CStRLIN
005  20040617154100.0
008  991029s1999    utua     b    001 0 eng d
010       $a    99090421 
020       $a 0967172756
035       $a (CU-SB)notisALJ9985
035       $a (OCoLC)42729532
040       $a OTC $c OTC $d CU-SB
090       $a MT6.M14 $b F73 1999
100  1    $a Madden, Charles $q (Charles B.)
245  10   $a Fractals in music : $b introductory mathematics for musical analysis / $c Charles Madden.
250       $a 1st ed.
260       $a Salt Lake City, Utah : $b High Art Press, $c 1999.
300       $a xiv, 210 p. : $b ill. ; $c 23 cm.
490  1    $a InMusic ; $v no. 1
500       $a RLIN:  REMOVE BACKSLASHES (HEX 5C) FROM FIRST INPUT 852 SUBLFD h AND i BEFORE OUTPUT (09/04).
500       $a SECOND INPUT 852 DOES NOT HAVE b - DO NOT CREATE AN OUTPUT 852.
650   0   $a Music theory $x History $y 20th century.
650   0   $a Musical analysis.
650   0   $a Fractals.
830   0   $a InMusic (Salt Lake City, Utah) ; $v no. 1.
852       $a CLBI $b MAIN $h \641.8\ $i \P8\ $x 185284 $x 10.00 $x OID=BLH
852       $c InMusic (Salt Lake City, Utah)

Record 10
