LDR  01136dxx  2200289 a 4500
001  CUBL05-B386
003  CStRLIN
008  050126s2002    gw       b    001 0 ger d
010       $a   2002436882
020       $a 3428106601 (alk. paper)
040       $a ZCU $c ZCU $d DLC $d MiU-L
043       $a e-gx---
050  00   $a KK4455 $b .H65 2002
090       $a KK4455 $b .H65 2002
100  1    $a Holste, Heiko.
260       $a Berlin : $b Duncker & Humblot, $c c2002.
300       $a 580 p. ; $c 24 cm.
440   0   $a Schriften zur Verfassungsgeschichte, $x 0582-0553 ; $v Bd. 65.
500       $a RLIN:  DELETE REC HAS NO 245, INVALID TYPE & BIBLVL, NO 005, UNKNOWN LOC CODE - OUTPUT DELETE REC WITH NO 998 ERROR FIELDS AND WITH 005 CREATED FROM FILE DATE (09/04).
500       $a Originally presented as the author's thesis (doctoral)--Georg-August Universitèat zu Gèottingen, 2001.
504       $a Bibliography: p. [549]-576.
500       $a Includes index.
650   0   $a Constitutional history $z Germany.
651   0   $a Germany $x Politics and government $y 1866-1871.
651   0   $a Germany $x Politics and government $y 1871-1933.
852  0    $a CUL $b ZZZ $t 1 $h KK4455 $i .H65 2002
907       $a .o2789012

Record 11
LDR  01356nxx  2200337ua 4500
001  CLBI86-S1526
003  CStRLIN
005  20040617154100.0
008  860804c19859999nyubx1p       0   a0eng d
010       $a sn 86037005 
022  0    $a 0888-7489 $y 0140-6566
030       $a MCLLDZ
040       $a IaAS $c IaAS $d FU $d NST $d NSDP $d NST $d MiU
042       $a lcd $a nsdp
082  1    $a 548 $2 11
090       $a QD901 $b .M7182
210  0    $a Mol. cryst. liq. cryst., Lett. sect.
222   0   $a Molecular crystals and liquid crystals. Letters section
246  13   $a MCLC letters
246  13   $a Molecular crystals and liquid crystals letters
260       $a New York : $b published for Gordon and Breach, Science Publishers, Inc. by OPA Ltd., $c c1985-
300       $a v. : $b ill. ; $c 23 cm.
362  0    $a Vol. 1, no. 1-2 (Feb. 1985)-
500       $a RLIN:  REC HAS NO 245, INVALID TYPE & BIB LEVEL, UNKNOWN LOC CODE.  OUTPUT REC WITH 4 998 ERROR FIELDS (09/04).
580       $a Previously published as an occasional number of: Molecular crystals and liquid crystals.
650   0   $a Molecular crystals $x Periodicals.
650   0   $a Liquid crystals $x Periodicals.
650   0   $a Crystallography $x Periodicals.
780  00   $t Molecular crystals and liquid crystals. Letters $x 0140-6566
852       $a CLBI $b CHEM $h QD901 $i .M7182 $x CIN=KB; OID=AMW
930       $a MiU $b CHEM $d QD 901 .M7182 $e 8606 $f 0 $g 4 $h   $j 1-  $k 1985-

Record 12
