LDR  01471nas  2200361ua 4500
001  CLBI86-S415
003  CStRLIN
005  20040617154100.0
008  860821c19859999nyubx1p       0   a0eng d
010       $a sn 86037009 
022  0    $a 0887-748x $y 0140-6566
030       $a MCLLDT
037       $b Gordon & Breach, c/o STBS, 1 Bedford St., London, WC2E 9PP, U.K.
040       $a IaAS $c IaAS $d FU $d NST $d NSDP $d NST
042       $a lcd $a nsdp
082  1    $a 548 $2 11
210  0    $a Mol. cryst. liq. cryst., Trans.
222   0   $a Molecular crystals and liquid crystals. Transactions.
245  00   $a Molecular crystals and liquid crystals. $p Transactions.
246  13   $a MCLC transactions
246  13   $a Molecular crystals and liquid crystals transactions
260       $a New York : $b published for Gordon and Breach, Science Publishers, Inc. by OPA Ltd., $c c1985-
300       $a v. : $b ill. ; $c 23 cm.
310       $a Bimonthly (irregular)
362  0    $a Vol. 1, no. 1-2 (Feb. 1985)-
500       $a RLIN:  852 HAS MULTIPLE b'S; OUTPUT ONLY THE FIRST (09/04).
510  2    $a Chemical abstracts $x 0009-2258 $b 1986-
650   0   $a Molecular crystals $x Periodicals.
650   0   $a Liquid crystals $x Periodicals.
650   0   $a Crystallography $x Periodicals.
780  00   $t Molecular crystals and liquid crystals. Transactions $x 0140-6566
787  1    $t Molecular crystals and liquid crystals $x 0026-8941 $w (OCoLC) 8205601
852       $a CLBI $b ANNEX $b XXXX (2ND SUBFLD B) $b ZZZZ (3RD SUBFLD B) $j \Periodicals\ $x CIN=BH; OID=SB

Record 13
