LDR  01450nam  2200313 a 4500
001  CHSV04-B311
003  CStRLIN
005  20040916102612.0
008  040713s1870    cau           000 0 eng d
040       $a CLU $c CLU $d NN $d CStRLIN
090       $a 371.974 $b D96
100  1    $a Dwinelle, John W. $q (John Whipple), $d 1816-1881.
245  10   $a Argument of Mr. John W. Dwinelle on the right of colored children to be admitted to the public schools.
260       $a San Francisco, Cal[if]. : $b Bacon & Co., Book & Job Printers, $c [1870?]
300       $a 26 p. ; $c 24 cm.
500       $a RLIN:  OUTPUT EACH 590 AS SEPARATE 852 z; DROP THE 590'S FROM THE OUTPUT REC (09/04).
500       $a At head of title: Supreme Court of California.
500       $a "Mary Frances Ward, by A.J. Ward, her guardian ad litem, plaintiff, against Noah F. Flood, principal of the Broadway Grammar School, in the City and County of San Francisco, defendant"--p. [1].
590   0   $a FIRST 590, OUTPUT AS 852 z.
590   0   $a SECOND 590, OUTPUT AS 852 z.
590   0   $a THIRD 590, OUTPUT AS 852 z.
650   0   $a Segregation in education $z United States.
650   0   $a Segregation in education $z California $z San Francisco.
650   0   $a African Americans $x Education (Elementary) $z California $z San Francisco.
650   0   $a Public schools $z California $z San Francisco.
700  1    $a Ward, Mary Frances.
700  1    $a Flood, Noah H.
710  1    $a California. $b Supreme Court.
852  1    $a CHi $b MAIN $h 371.974 $i D96

Record 15
