LDR  01330ntm  2200241 a 4500
001  CHSV04-B345
003  CStRLIN
005  20040916102704.0
008  040914i19011959caua          001 0deng d
040       $a CHi $c CHi $e appm
043       $a n-us-ca
100  1    $a Cross, Ralph Herbert, $d 1874-1964.
245  10   $a R.H. Cross scrapbooks, $f 1901-1959. 
300       $a 3 v. : $b ill. ; $c 38 cm. or smaller.
500       $a RLIN:  OUTPUT 852 e, j, k AS IS (09/04).
545  0    $a R.H. Cross was an attorney, bank president, and author of the book titled The early inns of California, 1844-1869.
520  2    $a Scrapbooks primarily include clippings on the history of Placerville and other northern California areas, and on prominent people.  Scrapbooks also include articles on R.H. Cross and his family; a portrait (photo reproduction) of Cross; notes on family buried at Sylvan Cemetery; articles on the Legal Aid Society of San Francisco and the California Historical Society; clippings of comics and humorous anecdotes; and ephemera.  Vol. 1 includes clippings on early hotels and an index.
651   0   $a California, Northern $x History.
600  10   $a Cross, Ralph Herbert, $d 1874-1964.
655   7   $a Scrapbooks. $2 rbgenr
655   7   $a Clippings. $2 rbgenr
655   7   $a Ephemera. $2 rbgenr
852  4    $a CHi $b MAIN $e 678 Mission St. San Francisco CA 94105 $j 5039 $k MS OV

Record 16
