LDR  01618nas  2200373 a 4500
001  CUBL05-S32
003  CStRLIN
005  20050222163709.0
008  050222c20049999mnufx1p       0  |a0eng d
010       $a   2004213323
022  0    $a 1552-9533
037       $b University of Minnesota, 354 Mondale Hall, 229 19th Avenue South, Minneapolis, MN 55455
040       $a UU-L $c UU-L $d NSDP $d CStRLIN $d CUL
042       $a nsdp $a lcd
043       $a n-us-mn
050   0   $a K13 $b .I6745
082  10   $a 346.04 $2 13
090       $a KF2972 $b .M562
222   0   $a Minnesota journal of law, science & technology
245  00   $a Minnesota journal of law, science & technology.
246  1    $a Minnesota journal of law, science and technology
246  1    $a MJLST
260       $a Minneapolis, Minn. : $b University of Minnesota Law School, $c c2004-
300       $a v. ; $c 25 cm.
310       $a Two no. a year
362  0    $a Vol. 6, no. 1 (Dec. 2004)-
500       $a CUBL: 852 HAS 3 SUBFLD z'S - 1ST & 3RD DO NOT BEGIN WITH "Library has: ", 2ND DOES - DROP "Library has: " FROM 2ND 852 z, THEN CONCATENATE ALL 3, SEPARATING EACH PART WITH "; ", AND OUTPUT IN A SINGLE SUBLD 3 (03/05).
650   0   $a Intellectual property $z United States $v Periodicals.
650   0   $a Copyright $z United States $v Periodicals.
650   0   $a Patents $z United States $v Periodicals.
710  2    $a University of Minnesota. $b Law School.
780  00   $t Minnesota intellectual property review $w (DLC)   00222266 $w (OCoLC)45203219
852  0    $a CUL $b STA $t 1 $h KF2972 $i .M562 $z Vol. 1 (1999) (1ST Z) $z Library has: Vol.3 (2001) (2nd Z) $z Vol. 6, issue 1 (Dec. 2004)- (3RD Z) $x CIN=brb
907       $a .b5198823

Record 19
