LDR  01255nas  2200265 a 4500
001  CHSV04-S4
003  CStRLIN
005  20050201160501.0
008  040723c19889999cauqr         0  | 0eng d
040       $a CU $c CU $d CStRLIN
043       $a n-us-ca
090       $a F868.S7 $b M87
130  0    $a Muse (Santa Rosa, Calif.)
245  04   $a The muse.
260       $a Santa Rosa, Calif. : $b Sonoma County Museum, $c 1988-
310       $a Quarterly, $b 1991-
321       $a Every two months, $b 1988-1990
362  0    $a Vol. 1, no. 1 (Jan./Feb. 1988)-
500       $a CHSV: 852 HAS 3 SUBFLD z'S, 2 BEGIN WITH "Library has: ", 1 DOES NOT. THE 852 Z NOT BEGINNING "Library has: ' SHOULD BE OUTPUT AS IS IN 852 Z; FOR THE OTHER 2, REMOVE "Library has: " FROM EACH AND CONCATENATE, SEPARATING BY "; " AND OUTPUT IN SINGLE SUBFLD 3 (03/05).
610  20   $a Sonoma County Museum $x Periodicals.
651   0   $a Sonoma County (Calif.) $x History $x Periodicals.
710  2    $a Sonoma County Museum.
752       $a United States $b California $d Santa Rosa
780  00   $t Recollections (Santa Rosa, Calif.)
852  0    $a CHi $b MAIN $h F868.S7 $i M87 $k LCPER $z SUBFLD Z - NOT A HOLDINGS NOTE $z Library has: Index for 1988-2004 (1ST HOLDINGS Z) $z Library has: v.1, no.1 (Jan/Feb 1988) - present, some issues missing (2ND HOLDINGS Z).

